@thesis{ levien,
       author = "Raphael Linus Levien",
       title = "From Spiral to Spline: Optimal Techniques in Interactive Curve Design",
       institution = "EECS Department, University of California, Berkeley",
       year = "2009",
       url ="http://levien.com/phd/thesis.pdf"
}


@book{ gupthannair,
       author = "S. Gupthan Nair",
       title = "Gadyam Pinnitta Vazhikal, {\manjari{ (ഗദ്യം പിന്നിട്ട വഴികൾ)} } ",
       year = "2001",
   	 publisher ="DC Books, Kottayam" }
   
@book { babucherian,
       author = "Babu Cherian",
       publisher = "Mahatma Gandhi University, Kottayam",
       title = "Benjamin Bailiyum Malayala Sahithyavum, {\manjari{(ബെഞ്ചമിൻ ബെയിലിയും മലയാള സാഹിത്യവും}) }",
       year = "2006" }
   
@book{ samkshepavedartham,
       author = "Clement Pianius",
       title = "Samkshepa Vedartham",
       url = "https://archive.org/details/SamkshepaVedartham_201311",
       year = "1772" }
    
